<record xmlns="http://www.loc.gov/MARC21/slim" xmlns:xsi="http://www.w3.org/2001/XMLSchema-instance" xsi:schemaLocation="http://www.loc.gov/MARC21/slim http://www.loc.gov/standards/marcxml/schema/MARC21slim.xsd"><leader>01707nam a2200349   4500</leader><controlfield tag="001">001179287</controlfield><controlfield tag="003">NNU</controlfield><controlfield tag="006">m        d        </controlfield><controlfield tag="007">cr cn |||m|||a</controlfield><controlfield tag="008">150116q19501959le a    o     000 0 ara d</controlfield><datafield ind1=" " ind2=" " tag="040"><subfield code="a">NNU</subfield><subfield code="b">eng</subfield><subfield code="c">NNU</subfield></datafield><datafield ind1=" " ind2=" " tag="066"><subfield code="c">(3</subfield></datafield><datafield ind1=" " ind2=" " tag="090"><subfield code="a">BF1618.A7</subfield><subfield code="b">I26 1950</subfield></datafield><datafield ind1="1" ind2=" " tag="100"><subfield code="6">880-01</subfield><subfield code="a">Ibn al-&#7716;&#257;jj, Mu&#7717;ammad ibn Mu&#7717;ammad,</subfield><subfield code="d">d. 1336</subfield></datafield><datafield ind1="1" ind2="0" tag="245"><subfield code="6">880-02</subfield><subfield code="a">Shum&#363;s al-anw&#257;r wa-kun&#363;z al-asr&#257;r al-kubr&#225;</subfield><subfield code="h">[electronic resource] /</subfield><subfield code="c">ta&#700;l&#299;f Ibn al-&#7716;&#257;jj al-Tilmis&#257;n&#299; al-Maghrib&#299;.</subfield></datafield><datafield ind1=" " ind2=" " tag="260"><subfield code="6">880-03</subfield><subfield code="a">Bayr&#363;t :bD&#257;r al-J&#299;l,</subfield><subfield code="c">[195-]</subfield></datafield><datafield ind1=" " ind2=" " tag="300"><subfield code="a">online resource (v.) :</subfield><subfield code="b">ill.</subfield></datafield><datafield ind1=" " ind2=" " tag="500"><subfield code="a">In Arabic.</subfield></datafield><datafield ind1=" " ind2=" " tag="500"><subfield code="a">Part of the Arabic Collections Online (ACO) project, contributed by New York Univeristy Libraries.</subfield></datafield><datafield ind1=" " ind2=" " tag="533"><subfield code="a">Electronic reproduction.</subfield><subfield code="b">New York, N.Y. :</subfield><subfield code="c">New York University,</subfield><subfield code="d">2015.</subfield><subfield code="5">NNU</subfield></datafield><datafield ind1=" " ind2="0" tag="650"><subfield code="a">Islamic magic</subfield><subfield code="v">Early works to 1800.</subfield></datafield><datafield ind1=" " ind2="0" tag="650"><subfield code="a">Alphabet</subfield><subfield code="x">Religious aspects</subfield><subfield code="x">Islam</subfield><subfield code="v">Early works to 1800.</subfield></datafield><datafield ind1=" " ind2="0" tag="650"><subfield code="a">Occultism</subfield><subfield code="x">Religious aspects</subfield><subfield code="x">Islam</subfield><subfield code="v">Early works to 1800.</subfield></datafield><datafield ind1="2" ind2=" " tag="710"><subfield code="a">New York University.</subfield><subfield code="b">Libraries.</subfield></datafield><datafield ind1="0" ind2=" " tag="730"><subfield code="a">Arabic Collections Online.</subfield></datafield><datafield ind1="0" ind2="8" tag="776"><subfield code="i">Print version:</subfield><subfield code="a">Ibn al-&#7716;&#257;jj, Mu&#7717;ammad ibn Mu&#7717;ammad, d. 1336 880-01</subfield><subfield code="t">Shum&#363;s al-anw&#257;r wa-kun&#363;z al-asr&#257;r al-kubr&#225;</subfield><subfield code="w">(NNU)001179287</subfield></datafield><datafield ind1="4" ind2="0" tag="856"><subfield code="u">http://hdl.handle.net/2333.1/h1893495</subfield></datafield><datafield ind1="1" ind2=" " tag="880"><subfield code="6">100-01/</subfield><subfield code="a">&#1575;&#1576;&#1606; &#1575;&#1604;&#1581;&#1575;&#1580;&#1548; &#1605;&#1581;&#1605;&#1583; &#1576;&#1606; &#1605;&#1581;&#1605;&#1583;.</subfield></datafield><datafield ind1="1" ind2="0" tag="880"><subfield code="6">245-02/</subfield><subfield code="a">&#1588;&#1605;&#1608;&#1587; &#1575;&#1604;&#1571;&#1606;&#1608;&#1575;&#1585; &#1608;&#1603;&#1606;&#1608;&#1586; &#1575;&#1604;&#1571;&#1587;&#1585;&#1575;&#1585; &#1575;&#1604;&#1603;&#1576;&#1585;&#1609; /</subfield><subfield code="c">&#1578;&#1571;&#1604;&#1610;&#1601; &#1575;&#1576;&#1606; &#1575;&#1604;&#1581;&#1575;&#1580; &#1575;&#1604;&#1578;&#1604;&#1605;&#1587;&#1575;&#1606;&#1609; &#1575;&#1604;&#1605;&#1594;&#1585;&#1576;&#1609;.</subfield></datafield><datafield ind1=" " ind2=" " tag="880"><subfield code="6">260-03/</subfield><subfield code="a">&#1576;&#1610;&#1585;&#1608;&#1578; :</subfield><subfield code="b">&#1583;&#1575;&#1585; &#1575;&#1604;&#1580;&#1610;&#1604;&#1548;</subfield><subfield code="c">[-&#1633;&#1641;&#1637;]</subfield></datafield><datafield ind1=" " ind2=" " tag="959"><subfield code="a">NNU</subfield><subfield code="b">WEB</subfield><subfield code="c">GENI</subfield><subfield code="t">0</subfield><subfield code="m">Electronic access</subfield><subfield code="s">01</subfield></datafield><datafield ind1=" " ind2=" " tag="999"><subfield code="i">NNU_001179287</subfield><subfield code="o" /></datafield></record>